
@book{caml,
  title     = {Le langage Caml},
  author    = {Weis, Pierre and Leroy, Xavier},
  year      = {1999},
  publisher = {Dunod}
}
@misc{deepR,
  title     = {Deep Learning with R},
  author    = {Chollet, Francois and Allaire, JJ},
  year      = {2018},
  publisher = {Manning Publications Co.}
}
@book{god,
  title     = {G{\"o}del, Escher, Bach: an eternal golden braid},
  author    = {Hofstadter, Douglas R and others},
  year      = {1979},
}
@book{lalement,
  title  = {Logique, r{\'e}duction, r{\'e}solution},
  author = {Lalement, Ren{\'e}},
  year   = {1990}
}
@book{lisp,
  title     = {Lisp in small pieces},
  author    = {Queinnec, Christian},
  year      = {2003},
  publisher = {Cambridge University Press}
}
@book{plisp,
  title     = {Programmer avec Scheme: De la pratique {\`a} la th{\'e}orie},
  author    = {Chazarain, Jacques},
  year      = {1996},
  publisher = {International Thomson Publ. France}
}
@book{mf,
  title     = {The \MF\ Book},
  author    = {Knuth, Donald},
  year      = {1992},
  publisher = {Addison Wesley}
}
@book{vh,
  title     = {Les travailleurs de la mer},
  author    = {Hugo, Victor}
}
@book{gb,
  title     = {Géométrie plane},
  author    = {Lebossé, C.},
  author    = {Hémery, C.},
  year      = {1947},
  publisher = {Fernand Nathan}
}
@book{wm,
  title     = {What is Mathematics ?},
  author    = {Courant Richard},
  author    = {Robbins Herbert},
  year      = {1941},
  publisher = {Oxford University Press}
}
@book{ab,
  title     = {Eloge des mathématiques},
  author    = {Badiou Alain},
  year      = {2015},
  publisher = {Flammarion}
}
@book{lamport1994latex,
  title={\LaTeX\ a document preparation system},
  author={Lamport, Leslie},
  year={1994},
  publisher={Addison-wesley}
}
@book{rewriting,
  title={Term Rewriting and All That},
  author={Baader Franz},
  year={1998},
  publisher={Cambridge University Press}
}
@book{WS,
  title={Romeo and Juliet},
  author={William Shakespeare}
}
@book{reflective,
  author          = {Stanley Jefferson, Daniel P. Friedman},
  title           = {A Simple Reflective Interpreter},
  year            = {1992}
}
@book{genese,
  title           = {Livre de la Genèse, Gn 11, 1-9}
}
@book{exode,
  title           = {Livre de l'Exode, Ex 3, 14}
}
@book{gide,
  author          = {André Gide},
  title           = {Les faux monnayeurs}
}
@book{girard,
  author         = {Jean-Yves Girard},
  editor         = {Hermann},
  title          = {Le Point Aveugle, vers la perfection},
  year           = {2006}
}
@book{baren_bible,
  title          = {The Lambda Calculus, its Syntax and Semantics},
  author          = {Henk Barendregt}
}
@book{baren,
  title          = {Lambda calculi with types},
  author          = {Henk Barendregt}
}
@book{poincare,
  author         = {Henri Poincaré},
  editor         = {Flammarion},
  title          = {La science et l'hypothèse},
  year           = {1902}
}
@book{moby,
  title     = {Moby-Dick; or, The Whale},
  author    = {Melville, Herman},
  year      = {1851}
}
@book{meta,
  title     = {Introduction to meta-mathematics},
  author    = {Kleene},
  year      = {1950}
}

